@preamble{ " \newcommand{\noop}[1]{} " } % a do-nothing command that serves a purpose

@article{zeilemaker2013dispersy,
	title={Dispersy bundle synchronization},
	author={Zeilemaker, Niels and Schoon, Boudewijn and Pouwelse, Johan},
	journal={TU Delft, Parallel and Distributed Systems},
	year={2013}
}

 @misc{blockchainlab,
	title  = "Blockchain Lab",
	howpublished    = {\url{http://blockchain-lab.org}},
	year   = "2017"
}

@inproceedings{benaloh1990generalized,
	title={Generalized secret sharing and monotone functions},
	author={Benaloh, Josh and Leichter, Jerry},
	booktitle={Proceedings on Advances in cryptology},
	pages={27--35},
	year={1990},
	organization={Springer-Verlag New York, Inc.}
}